<record><leader>00000cas a2200000 a 4500</leader><controlfield tag="001">4912472</controlfield><controlfield tag="008">790501d195519uumduwr ne      0   a0eng d</controlfield><datafield ind1=" " ind2=" " tag="010"><subfield code="a">sn 79002645 </subfield></datafield><datafield ind1=" " ind2=" " tag="040"><subfield code="a">NSD</subfield><subfield code="b">eng</subfield><subfield code="c">NSD</subfield><subfield code="d">MFN</subfield><subfield code="d">NSD</subfield><subfield code="d">MFN</subfield><subfield code="d">OCLCQ</subfield></datafield><datafield ind1=" " ind2=" " tag="012"><subfield code="j">3</subfield><subfield code="m">d</subfield></datafield><datafield ind1="1" ind2=" " tag="022"><subfield code="a">0191-6173</subfield><subfield code="l">0191-6173</subfield><subfield code="2">1</subfield></datafield><datafield ind1=" " ind2=" " tag="042"><subfield code="a">nsdp</subfield></datafield><datafield ind1=" " ind2="0" tag="222"><subfield code="a">Belair road booster</subfield></datafield><datafield ind1="0" ind2="0" tag="245"><subfield code="a">Belair road booster.</subfield></datafield><datafield ind1=" " ind2=" " tag="260"><subfield code="a">Baltimore, Md. :</subfield><subfield code="b">Patuxent Pub. Corp.</subfield></datafield><datafield ind1=" " ind2=" " tag="300"><subfield code="a">v.</subfield></datafield><datafield ind1=" " ind2=" " tag="310"><subfield code="a">Weekly,</subfield><subfield code="b">July 5, 1981-</subfield></datafield><datafield ind1=" " ind2=" " tag="321"><subfield code="a">Semimonthly,</subfield><subfield code="b">1980-June 1981</subfield></datafield><datafield ind1=" " ind2=" " tag="321"><subfield code="a">Frequency varies,</subfield><subfield code="b">Nov. 1978-1979</subfield></datafield><datafield ind1="1" ind2=" " tag="362"><subfield code="a">Began in 1955?</subfield></datafield><datafield ind1=" " ind2=" " tag="588"><subfield code="a">Description based on: Vol. 2, no. 1 (Aug. 23, 1956).</subfield></datafield><datafield ind1=" " ind2=" " tag="752"><subfield code="a">United States</subfield><subfield code="b">Maryland</subfield><subfield code="d">Baltimore.</subfield></datafield><datafield ind1=" " ind2=" " tag="752"><subfield code="a">United States</subfield><subfield code="b">Maryland</subfield><subfield code="c">Howard</subfield><subfield code="d">Columbia.</subfield></datafield><datafield ind1="0" ind2="0" tag="785"><subfield code="t">Booster weekly</subfield><subfield code="x">0748-5301</subfield><subfield code="w">(DLC)sn 84008834</subfield></datafield><datafield ind1=" " ind2=" " tag="936"><subfield code="a">Aug. 5, 1981</subfield></datafield></record>